%% This BibTeX bibliography file was created using BibDesk.
%% http://bibdesk.sourceforge.net/


%% Created for Francesco Mambrini at 2015-04-17 13:40:54 +0200 


%% Saved with string encoding Unicode (UTF-8) 

@inproceedings{Longo:1990or,
	Address = {Princeton},
	Author = {Longo, Oddone},
	Booktitle = {Nothing to Do with Dionysos. Athenian Drama in its Social Context},
	Date-Added = {2008-03-01 15:57:29 +0100},
	Date-Modified = {2008-03-01 16:01:57 +0100},
	Editor = {Zeitlin, Froma I. and Winkler, John J.},
	Pages = {12-20},
	Publisher = {Princeton University Press},
	Title = {The Theater of the Polis},
	Year = {1990}}

@book{Denniston:1954lr,
	Address = {Oxford},
	Author = {Denniston, J. D},
	Date-Added = {2015-04-17 11:37:51 +0000},
	Date-Modified = {2015-04-17 11:38:08 +0000},
	Edition = {2},
	Note = {revised by K. J. Dover},
	Publisher = {Clarendon Press},
	Title = {Greek Particles},
	Year = {1954}}

@book{Sbisa:1978gb,
	Address = {Milano},
	Date-Added = {2015-04-17 11:31:16 +0000},
	Date-Modified = {2015-04-17 11:31:16 +0000},
	Editor = {Sbis{\`a}, Marina},
	Publisher = {Feltrinelli},
	Title = {Gli atti linguistici. Aspetti e problemi di filosofia del linguaggio},
	Year = {1978}}

@inproceedings{Gernet:1932lr,
	Address = {Alger},
	Author = {Gernet, Louis},
	Booktitle = {Cinquantenaire de la facult\'e de lettres d'Alger},
	Date-Added = {2015-04-16 15:36:30 +0000},
	Date-Modified = {2015-04-16 15:37:18 +0000},
	Journal = {Cinquantenaire de la facult\'e de lettres d'Alger},
	Pages = {239-50},
	Publisher = {Soci\'et\'e historique alg\'erienne},
	Title = {{You-You}. {E}n marge {\`a} {H{\'e}rodote}},
	Year = {1932}}

@techreport{Biccari:2012aa,
	Address = {Rome},
	Author = {Francesco Biccari},
	Date-Added = {2015-04-16 15:14:30 +0000},
	Date-Modified = {2015-04-16 15:14:30 +0000},
	Institution = {La Sapienza},
	Number = {Version 0.2},
	Title = {Documentation of the \LaTeX{} class saparticle.cls},
	Year = {2012}}

@inproceedings{Goldhill:1997dn,
	Address = {Cambridge},
	Author = {Goldhill, Simon},
	Booktitle = {The Cambridge Companion to Greek Tragedy},
	Date-Added = {2015-04-16 15:03:01 +0000},
	Date-Modified = {2015-04-16 15:03:01 +0000},
	Editor = {Easterling, Patricia},
	Pages = {324-347},
	Publisher = {Cambridge University Press},
	Title = {Modern Critical Approches to {Greek} Tragedy},
	Year = {1997}}

@book{Lloyd-Jones:1997fk,
	Address = {G{\"o}ttingen},
	Author = {Lloyd-Jones, Hugh and Wilson, Nigel G.},
	Date-Added = {2015-04-16 15:01:41 +0000},
	Date-Modified = {2015-04-16 15:01:41 +0000},
	Keywords = {Filologia e Critica},
	Number = {100},
	Publisher = {Vandenhoeck und Ruprecht},
	Series = {Hypomnemata. Untersuchungen zur Antike und zu ihrem Nachleben},
	Title = {Sophocles: Second Thoughts},
	Year = {1997}}

@book{bringhurst:2002,
	Address = {Point Roberts, WA, USA},
	Author = {Robert Bringhurst},
	Date-Added = {2015-04-16 15:00:23 +0000},
	Date-Modified = {2015-04-16 15:06:42 +0000},
	Publisher = {Hartley \& Marks Publishers},
	Title = {{T}he {E}lements of {T}ypographic {S}tyle. Version 3.2},
	Year = {2008}}

@article{Doerr2003,
	Author = {Doerr, Martin},
	Date-Added = {2015-04-16 14:57:57 +0000},
	Date-Modified = {2015-04-16 14:59:37 +0000},
	Journal = {{AI magazine}},
	Number = {3},
	Pages = {75--92},
	Title = {{The CIDOC conceptual reference module: an ontological approach to semantic interoperability of metadata}},
	Url = {http://www.aaai.org/ojs/index.php/aimagazine/article/viewArticle/1720},
	Volume = {24},
	Year = {2003},
	Bdsk-Url-1 = {http://www.aaai.org/ojs/index.php/aimagazine/article/viewArticle/1720}}

@article{bodard2008,
	Author = {Bodard, Gabriel},
	Date-Added = {2015-04-16 14:56:43 +0000},
	Date-Modified = {2015-04-16 14:56:43 +0000},
	Journal = {{Digital Medievalist}},
	Title = {{The Inscriptions of Aphrodisias as Electronic Publication: a user's perspective and a proposed paradigm}},
	Url = {http://www.digitalmedievalist.org/journal/4/bodard/},
	Volume = {{4}},
	Year = {2008},
	Bdsk-Url-1 = {http://www.digitalmedievalist.org/journal/4/bodard/}}

@article{Ruiz,
	Author = {Arangio Ruiz, V.},
	Date-Added = {2015-04-16 14:55:45 +0000},
	Date-Modified = {2015-04-16 15:17:44 +0000},
	Journal = {Rivista di Filologia e Istruzione Classica},
	Pages = {266--277},
	Title = {{Una nuova iscrizione sul protettorato dei Tolomei in Cirenaica}},
	Volume = {{65}},
	Year = {1937}}

@book{Knuth:1986aa,
	Author = {Donald E. Knuth},
	Bibsource = {dblp computer science bibliography, http://dblp.org},
	Biburl = {http://dblp.uni-trier.de/rec/bib/books/aw/Knuth86},
	Date-Added = {2015-04-16 14:55:00 +0000},
	Date-Modified = {2015-04-16 15:17:15 +0000},
	Publisher = {Addison-Wesley},
	Title = {The TeXbook},
	Year = {1986}}
